<?xml version="1.0" encoding="UTF-8"?>
<record xmlns="http://www.loc.gov/MARC21/slim">
   <leader>00892cam a2200217 a 4500</leader>
   <controlfield tag="001">3679548</controlfield>
   <controlfield tag="003">NjP</controlfield>
   <controlfield tag="005">20180216182653.0</controlfield>
   <controlfield tag="008">020607s1934    ir            000 0cara d</controlfield>
   <datafield tag="024" ind1="7" ind2=" ">
      <subfield code="a">princeton_aco004884</subfield>
      <subfield code="2">local</subfield>
   </datafield>
   <datafield ind1=" " ind2=" " tag="040">
      <subfield code="a">NjP</subfield>
      <subfield code="c">NjP</subfield>
   </datafield>
   <datafield ind1="1" ind2=" " tag="041">
      <subfield code="a">ara</subfield>
      <subfield code="h">per</subfield>
   </datafield>
   <datafield ind1=" " ind2=" " tag="043">
      <subfield code="a">aw-----</subfield>
      <subfield code="a">ff-----</subfield>
   </datafield>
   <datafield ind1="1" ind2=" " tag="100">
      <subfield code="a">Qummī, ʻAbbās ibn Muḥammad Riḍā,</subfield>
      <subfield code="d">-1941.</subfield>
      <subfield code="0">http://id.loc.gov/authorities/names/n80013464</subfield>
   </datafield>
   <datafield ind1="1" ind2="0" tag="240">
      <subfield code="a">Muntahá al-āmāl.</subfield>
      <subfield code="l">Arabic</subfield>
   </datafield>
   <datafield ind1="1" ind2="0" tag="245">
      <subfield code="a">Muntahá al-āmāl fī tawārīkh al-Nabī wa-al-Āl /</subfield>
      <subfield code="c">taʼlīf ʻAbbās Qummī ; [taʻrīb Hāshim al-Mīlānī]</subfield>
   </datafield>
   <datafield ind1=" " ind2=" " tag="260">
      <subfield code="a">[Tehrān,</subfield>
      <subfield code="c">1353 [1934]</subfield>
   </datafield>
   <datafield ind1=" " ind2=" " tag="300">
      <subfield code="a">2 v. ;</subfield>
      <subfield code="c">34 cm.</subfield>
   </datafield>
   <datafield ind1=" " ind2="0" tag="650">
      <subfield code="a">Alids</subfield>
      <subfield code="x">Biography.</subfield>
   </datafield>
   <datafield ind1=" " ind2="0" tag="651">
      <subfield code="a">Islamic Empire</subfield>
      <subfield code="x">History.</subfield>
      <subfield code="0">http://id.loc.gov/authorities/subjects/sh85068446</subfield>
   </datafield>
   <datafield ind1="0" ind2="0" tag="600">
      <subfield code="a">Muḥammad,</subfield>
      <subfield code="c">Prophet,</subfield>
      <subfield code="d">d. 632.</subfield>
   </datafield>
   <datafield ind1=" " ind2=" " tag="902">
      <subfield code="a">mtl</subfield>
      <subfield code="b">r</subfield>
      <subfield code="6">a</subfield>
      <subfield code="7">m</subfield>
      <subfield code="d">v</subfield>
      <subfield code="f">0</subfield>
      <subfield code="e">20020607</subfield>
   </datafield>
   <datafield ind1="0" ind2=" " tag="852">
      <subfield code="0">3995041</subfield>
      <subfield code="b">nec</subfield>
      <subfield code="c">Oversize</subfield>
      <subfield code="h">BP192.8</subfield>
      <subfield code="i">.Q5612 1934q</subfield>
   </datafield>
   <datafield ind1=" " ind2="0" tag="866">
      <subfield code="0">3995041</subfield>
      <subfield code="a">Vol. 1-v. 2</subfield>
   </datafield>
   <datafield ind1=" " ind2=" " tag="959">
      <subfield code="a">2002-06-07 08:26:53 -0400</subfield>
   </datafield>
</record>
